@online{hyperopt,
    title="Hyperopt",
    url="http://hyperopt.github.io/hyperopt/",
    author="James Bergstra AND Dan Yamins AND David Cox",
    year=2013,
    urldate={2019-04-25}
}

@online{philosophoraptor,
    url="https://www.analyticsvidhya.com/blog/2016/10/tutorial-optimizing-neural-networks-using-keras-with-image-recognition-case-study/",
    title="Tutorial: Optimizing Neural Networks using Keras (with Image recognition case study)",
    author="Faizan Shaikh",
    year=2016,
    urldate={2019-04-25}
}
